<?xml version="1.0" encoding="UTF-8"?><record xmlns="http://www.loc.gov/MARC21/slim" xmlns:cinclude="http://apache.org/cocoon/include/1.0" xmlns:zs="http://www.loc.gov/zing/srw/">
  <leader>00548cz  a2200145n  4500</leader>
  <controlfield tag="001">n  86003568 </controlfield>
  <controlfield tag="003">DLC</controlfield>
  <controlfield tag="005">20141209085712.0</controlfield>
  <controlfield tag="008">860613n| azannaab           |a aaa      </controlfield>
  <datafield tag="010" ind1=" " ind2=" ">
    <subfield code="a">n  86003568 </subfield>
  </datafield>
  <datafield tag="040" ind1=" " ind2=" ">
    <subfield code="a">DLC</subfield>
    <subfield code="b">eng</subfield>
    <subfield code="e">rda</subfield>
    <subfield code="c">DLC</subfield>
    <subfield code="d">DLC</subfield>
  </datafield>
  <datafield tag="100" ind1="1" ind2=" ">
    <subfield code="a">Glovat︠s︡kiĭ, A. B.</subfield>
    <subfield code="q">(Anatoliĭ Borisovich)</subfield>
  </datafield>
  <datafield tag="378" ind1=" " ind2=" ">
    <subfield code="q">Anatoliĭ Borisovich</subfield>
  </datafield>
  <datafield tag="400" ind1="1" ind2="0">
    <subfield code="a">Glovat︠s︡kiĭ, Anatoliĭ Borisovich</subfield>
  </datafield>
  <datafield tag="670" ind1=" " ind2=" ">
    <subfield code="a">His Vnedomennai︠a︡ desulʹfurat︠s︡ii︠a︡ chuguna, 1986:</subfield>
    <subfield code="b">t.p. (A.B. Glovat︠s︡kiĭ) colophon (Anatoliĭ Borisovich Glovat︠s︡kiĭ)</subfield>
  </datafield>
</record>